<?xml version="1.0" encoding="UTF-8"?><collection xmlns="http://www.loc.gov/MARC21/slim"><record><leader>00382nam--2200121-i-4500</leader><controlfield tag="001">000012013</controlfield><controlfield tag="002">20161230</controlfield><controlfield tag="005">20161230201029</controlfield><controlfield tag="008">060222s1000------------r-----000-0-eng-d</controlfield><datafield ind1=" " ind2=" " tag="080"><subfield code="a">061.62(047)(44):621.039(047)(44)</subfield></datafield><datafield ind1=" " ind2=" " tag="245"><subfield code="a">Commissariat a l`energie atomique activites scientifiques et technique: 1974</subfield></datafield><datafield ind1=" " ind2=" " tag="260"><subfield code="a">Paris, Commissariat A L`Energie Atomique, 1975 242 P</subfield></datafield><datafield ind1=" " ind2=" " tag="852"><subfield code="a">42863</subfield></datafield></record></collection>